--- COMMENTS may be placed outside the @ENTRYTYPE{ ... } stuctures
--- CMS guidelines
---- Every journal article citation should include the DOI, assuming one exists.
---- All URLs for CMS notes, ANs, etc, should refer to the CDS server, not the CMS server. Use our standard format for them, as shown below.
----  CMS Notes not available on CDS are regarded as private and may not be cited.
----  CMS physics papers (i.e., those intended for publication in journals) may reference only POG PASs, not PAG PASs.
---- For papers by collaborations, list the collaboration in the COLLABOROATION field and put the first author and "and others" in the AUTHOR field.
----  If only the collaboration is listed as the author, put "{XXX Collaboration}" under AUTHOR.
----  Note that we automatically replace the AUTHOR field with the collaboration name for ATLAS, CMS, LHCb, and ATLAS at submission time.
---- Other items:
----   PAGES: Please only list the first page, not the range.
----   ISSUE: Please do not include in most cases.
----   URL: Do not include this field if a DOI is available.
---- Number of authors to list:
----   PRL requests that we include all authors up to fifteen except for large collaborations, and we take this as our internal guide as well. If there
----   are more than fifteen, just list the first author + "and others", as above.
----   The individual journal bib style file (theirs, ours, PLB, etc.) will truncate at the appropriate point. We have ours set to _1_.
---- Use only the URL field instead of embedding an href (this is a change in our practice).
---- A reference only published on the arXiv should be listed as UNPUBLISHED (with a note "Submitted to XXX" for large collaboration papers).
----   Experimental papers only on the arXiv and not submitted for publication may not be cited.
---- Some journals will lowercase the title: use {} to protect words which must be capitalized, e.g., {LHC}, {TeV}, {CERN}, {CMS}.
----  Do not escape the entire title as it will then clash with the journal style.
---- Journal names: the journals generally include the series in the journal name, "Physical Review D", vol 5, rather than PR D5
%
% Notes hosted only on CDS are listed as TECHREPORTs.
%
%\bibitem{FONLLcharmbottomPP}
% Can't find on internet

@Article{QGP1,
     author    = "Shuryak, {\'E}. V.",
     title     = "Theory of hadronic plasma",
     journal   = "Sov. Phys. JETP",
     volume    = "47",
     year      = "1978",
     pages     = "212",
     url       = "http://www.jetp.ac.ru/cgi-bin/e/index/e/47/2/p212?a=list",
     SLACcitation  = "%%CITATION = SPHJA,47,212;%%"
}
@article{QGP2,
	author = "Collins, J. C. and Perry, M. J.",
	title = " Superdense Matter: Neutrons or Asymptotically Free Quarks?",
	journal = "Phys. Rev. Lett.",
	volume = "34",
	pages = "1353",
	year = "1975",
	doi = "10.1103/PhysRevLett.34.1353"
}
@article{QGP3,
	author = "Shuryak, E. V.",
	title = "What RHIC experiments and theory tell us about properties of quark-gluon plasma?",
	journal = "Nucl. Phys. A",
	volume = "750",
	pages = "64",
	year = "2005",
	eprint    = "hep-ph/0405066",
     	archivePrefix = "arXiv",
	doi = "10.1016/j.nuclphysa.2004.10.022"
}

@Article{QGP4,
     author    = "Cabibbo, N. and Parisi, G.",
     title     = "{Exponential Hadronic Spectrum and Quark Liberation}",
     journal   = "Phys. Lett. B",
     volume    = "59",
     year      = "1975",
     pages     = "67",
     doi       = "10.1016/0370-2693(75)90158-6",
     SLACcitation  = "%%CITATION = PHLTA,B59,67;%%"
}

@Article{QGP5,
     author    = "Freedman, Barry A. and McLerran, Larry D.",
     title     = "{Fermions and gauge vector mesons at finite temperature and density. III. The ground-state energy of a relativistic quark gas}",
     journal   = "Phys. Rev. D",
     volume    = "16",
     year      = "1977",
     pages     = "1169",
     doi       = "10.1103/PhysRevD.16.1169",
     SLACcitation  = "%%CITATION = PHRVA,D16,1169;%%"
}

@techreport{Eloss1,
       title = {Energy Loss of Energetic Partons in Quark-Gluon Plasma: Possible Extinction of High $\pt$ Jets in Hadron-Hadron Collisions},
        author = {Bjorken, J. D.},
        year = {1982},
        type = {Fermilab PUB},
    number = {82-059-THY},
    url = "http://lss.fnal.gov/archive/1982/pub/Pub-82-059-T.pdf",
}

@article{Baier:2000mf,
      author         = "Baier, R. and Schiff, D. and Zakharov, B. G.",
      title          = "{Energy loss in perturbative QCD}",
      journal        = "Ann. Rev. Nucl. Part. Sci.",
      volume         = "50",
      year           = "2000",
      pages          = "37",
      doi            = "10.1146/annurev.nucl.50.1.37",
      eprint         = "hep-ph/0002198",
      archivePrefix  = "arXiv",
      primaryClass   = "hep-ph",
      reportNumber   = "BI-TP-2000-08, LPT-ORSAY-00-22",
      SLACcitation   = "%%CITATION = HEP-PH/0002198;%%"
}


@article{Eskola:1998iy,
      author         = "Eskola, K. J. and Kolhinen, V. J. and Ruuskanen, P. V.",
      title          = "{Scale evolution of nuclear parton distributions}",
      journal        = "Nucl. Phys. B",
      volume         = "535",
      pages          = "351",
      doi            = "10.1016/S0550-3213(98)00589-6",
      year           = "1998",
      eprint         = "hep-ph/9802350",
      archivePrefix  = "arXiv",
      primaryClass   = "hep-ph",
      reportNumber   = "CERN-TH/97-345, JYFL-2/98",
      SLACcitation   = "%%CITATION = HEP-PH/9802350;%%",
}

@article{Eskola:2009uj,
      author         = "Eskola, K. J. and Paukkunen, H. and Salgado, C. A.",
      title          = "{EPS09 --- A new generation of NLO and LO nuclear parton
                        distribution functions}",
      journal        = "JHEP",
      volume         = "04",
      pages          = "065",
      doi            = "10.1088/1126-6708/2009/04/065",
      year           = "2009",
      eprint         = "0902.4154",
      archivePrefix  = "arXiv",
      primaryClass   = "hep-ph",
      SLACcitation   = "%%CITATION = ARXIV:0902.4154;%%",
}

@article{Helenius:2012uj,
      author         = "Helenius, I. and Eskola, K. J. and Honkanen, H. and Salgado, C. A.",
      title          = "{Impact-parameter dependent nuclear parton distribution functions: EPS09s and EKS98s and their applications in nuclear hard processes}",
      journal        = "JHEP",
      volume         = "07",
      pages          = "073",
      doi            = "10.1007/JHEP07(2012)073",
      year           = "2012",
      eprint         = "1202.5359",
      archivePrefix  = "arXiv",
      primaryClass   = "hep-ph",
      SLACcitation   = "%%CITATION = ARXIV:1202.5359;%%",
}

@article{Hirai:2004wq,
      author         = "Hirai, M. and Kumano, S. and Nagai, T.-H.",
      title          = "{Nuclear parton distribution functions and their
                        uncertainties}",
      journal        = "Phys. Rev. C",
      volume         = "70",
      pages          = "044905",
      doi            = "10.1103/PhysRevC.70.044905",
      year           = "2004",
      eprint         = "hep-ph/0404093",
      archivePrefix  = "arXiv",
      primaryClass   = "hep-ph",
      reportNumber   = "SAGA-HE-197-04",
      SLACcitation   = "%%CITATION = HEP-PH/0404093;%%",
}

@article{Schienbein:2009kk,
      author         = "Schienbein, I. and Yu, J. Y. and Kovarik, K. and Keppel,
                        C. and Morfin, J. G. and Olness, F. I. and Owens, J. F.",
      title          = "{Parton distribution function nuclear corrections for charged lepton and neutrino deep inelastic scattering
                        processes}",
      journal        = "Phys. Rev. D",
      volume         = "80",
      pages          = "094004",
      doi            = "10.1103/PhysRevD.80.094004",
      year           = "2009",
      eprint         = "0907.2357",
      archivePrefix  = "arXiv",
      primaryClass   = "hep-ph",
      reportNumber   = "LPSC 09-081, SMU-HEP 09-13",
      SLACcitation   = "%%CITATION = ARXIV:0907.2357;%%",
}

@article{deFlorian:2003qf,
      author         = "de Florian, D. and Sassot, R.",
      title          = "{Nuclear parton distributions at next to leading order}",
      journal        = "Phys. Rev. D",
      volume         = "69",
      pages          = "074028",
      doi            = "10.1103/PhysRevD.69.074028",
      year           = "2004",
      eprint         = "hep-ph/0311227",
      archivePrefix  = "arXiv",
      primaryClass   = "hep-ph",
      SLACcitation   = "%%CITATION = HEP-PH/0311227;%%",
}


@article{Frankfurt:2011cs,
      author         = "Frankfurt, L. and Guzey, V. and Strikman, M.",
      title          = "{Leading twist nuclear shadowing phenomena in hard
                        processes with nuclei}",
      journal        = "Phys. Rept.",
      volume         = "512",
      pages          = "255",
      doi            = "10.1016/j.physrep.2011.12.002",
      year           = "2012",
      eprint         = "1106.2091",
      archivePrefix  = "arXiv",
      primaryClass   = "hep-ph",
      reportNumber   = "JLAB-THY-11-1379",
      SLACcitation   = "%%CITATION = ARXIV:1106.2091;%%",
}


@InProceedings{Karsch:2003jg,
     author    = "Karsch, F. and Laermann, E.",
     title     = "{Thermodynamics and in-medium hadron properties from
                  lattice QCD}",
     booktitle  = "Quark-Gluon Plasma III, R. Hwa (ed.), \textnormal{2003}",
     eprint         = "hep-lat/0305025",
     archivePrefix  = "arXiv",
     primaryClass   = "hep-lat",
     SLACcitation  = "%%CITATION = HEP-LAT/0305025;%%",
}
@book{QuarkGluonPlasma3,
author = "R. C. Hwa and X.-N. Wang",
title = {Quark-Gluon Plasma 3, World Scientific, 2004}},
%publisher = {World Scientific},
%year = {2004},
doi = "10.1142/9789812795533",
}

@article{FONLLcharmbottomPP1,
      author         = "Cacciari, M. and Greco, M. and Nason, P.",
      title          = "{The \pt spectrum in heavy-flavour hadroproduction}",
      journal        = "JHEP",
      volume         = "05",
      pages          = "007",
      doi            = "10.1088/1126-6708/1998/05/007",
      year           = "1998",
      eprint         = "hep-ph/9803400",
      archivePrefix  = "arXiv",
      primaryClass   = "hep-ph",
      reportNumber   = "CERN-TH/98-77, LPTHE-Orsay/98-11, IFUM/613-FT,
                        LNF-98-008(P)",
}
      author         = "Cacciari, Matteo and Greco, Mario and Nason, Paolo",
      SLACcitation   = "%%CITATION = HEP-PH/9803400;%%",

@article{FONLLcharmbottomPP2,
      author         = "Cacciari, M. and Nason, P.",
      title          = "{Charm cross sections for the Tevatron Run II}",
      journal        = "JHEP",
      volume         = "09",
      pages          = "006",
      doi            = "10.1088/1126-6708/2003/09/006",
      year           = "2003",
      eprint         = "hep-ph/0306212",
      archivePrefix  = "arXiv",
      primaryClass   = "hep-ph",
      reportNumber   = "UPRF-2003-10, Bicocca-FT-03-14",
}
M. Cacciari and P. Nason, JHEP 09 (2003) 006, doi:10.1088/1126-6708/2003/09/006;

@article{FONLLcharmbottomPP3,
      author         = "Cacciari, M. and Frixione, S. and Houdeau, N. and Mangano, M. L. and Nason, P and Ridolfi, G.",
      title          = "{Theoretical predictions for charm and bottom production at the LHC}",
      journal        = "JHEP",
      volume         = "10",
      pages          = "137",
      doi            = "10.1007/JHEP10(2012)137",
      year           = "2012",
      eprint         = "1205.6344",
      archivePrefix  = "arXiv",
      primaryClass   = "hep-ph",
      reportNumber   = "CERN-PH-TH/2011-227",
}
M. Cacciari, S. Frixione, N. Houdeau, M. L. Mangano, P. Nason and G. Ridolfi, JHEP 10 (2012) 137.
\bibitem{GMVFNS}
B. A. Kniehl, G. Kramer, I. Schienbein and H. Spiesberger, Phys. Rev. Lett. 96 (2006) 012001, doi:10.1103/PhysRevLett.96.012001;

@article{GMVFNS1,
      author         = "Kniehl, B. A. and Kramer, G. and Schienbein, I. and Spiesberger, H.",
      title          = "{Reconciling open-charm production at the Fermilab Tevatron with QCD}",
      journal        = "Phys. Rev. Lett.",
      volume         = "96",
      pages          = "012001",
      doi            = "10.1103/PhysRevLett.96.012001",
      year           = "2006",
      eprint         = "hep-ph/0508129",
      archivePrefix  = "arXiv",
      primaryClass   = "hep-ph",
     reportNumber   = "DESY 05-146, MZ-TH/05-16"
}

@article{GMVFNS2,
      author         = "Kniehl, B. A. and Kramer, G. and Schienbein, I. and Spiesberger, H.",
      title          = "{Inclusive charmed-meson production at the CERN LHC}",
      journal        = "Eur. Phys. J. C",
      volume         = "72",
      pages          = "2082",
      doi            = "10.1140/epjc/s10052-012-2082-2",
      year           = "2012",
      eprint         = "1202.0439",
      archivePrefix  = "arXiv",
      primaryClass   = "hep-ph",
      reportNumber   = "DESY 12-013, MZ-TH/12-07, LPSC 12019"
}
B. A. Kniehl, G. Kramer, I. Schienbein and H. Spiesberger, Eur. Phys. J. C72 (2012) 2082, doi:10.1140/epjc/s10052-012-2082-2, arXiv:1202.0439;

@article{GMVFNS3,
      author         = "Kniehl, B. A. and Kramer, G. and Schienbein, I. and Spiesberger, H.",
      title          = "{Inclusive $\PB$-meson production at the LHC in the general-mass variable-flavor-number scheme}",
      journal        = "Phys. Rev. D",
      volume         = "84",
      pages          = "094026",
      doi            = "10.1103/PhysRevD.84.094026",
      year           = "2011",
}

@article{Chatrchyan:2013exa,
      author         = "Chatrchyan, Serguei and others",
      title          = "{Evidence of $\cPqb$-Jet Quenching in $\PbPb$ Collisions at
                        $\sqrtsNN = 2.76\TeV$}",
      collaboration  = "CMS",
      journal        = "Phys. Rev. Lett.",
      issue          = "13",
      volume         = "113",
      pages          = "132301",
      doi            = "10.1103/PhysRevLett.113.132301",
      year           = "2014",
      eprint         = "1312.4198",
      archivePrefix  = "arXiv",
      primaryClass   = "nucl-ex",
      reportNumber   = "CMS-HIN-12-003, CERN-PH-EP-2013-228",
      SLACcitation   = "%%CITATION = ARXIV:1312.4198;%%",
}

%%%%%%%% CMS B 7 TeV
@article{CMSBmesonpp,
      author         = "Khachatryan, V. and others",
      title          = "{Measurement of the $\PBp$ Production Cross Section in $\pp$ Collisions at $\sqrts =7\TeV$}",
      collaboration  = "CMS",
      journal        = "Phys. Rev. Lett.",
      volume         = "106",
      pages          = "112001",
      doi            = "10.1103/PhysRevLett.106.112001",
      year           = "2011",
      eprint         = "1101.0131",
      archivePrefix  = "arXiv",
      primaryClass   = "hep-ex",
      reportNumber   = "CMS-BPH-10-004, CERN-PH-EP-2010-087",
}
@article{Chatrchyan:2011pw,
      author         = "Chatrchyan, Serguei and others",
      title          = "{Measurement of the $\PBz$ production cross section in
                        $\pp$ collisions at $\sqrts =7\TeV$}",
      collaboration  = "CMS",
      journal        = "Phys. Rev. Lett.",
      volume         = "106",
      pages          = "252001",
      doi            = "10.1103/PhysRevLett.106.252001",
      year           = "2011",
      eprint         = "1104.2892",
      archivePrefix  = "arXiv",
      primaryClass   = "hep-ex",
      reportNumber   = "CERN-PH-EP-2011-034, CMS-BPH-10-005",
      SLACcitation   = "%%CITATION = ARXIV:1104.2892;%%",
}
@article{Chatrchyan:2011vh,
      author         = "Chatrchyan, Serguei and others",
      title          = "{Measurement of the $\PBzs$ Production Cross
                        Section with $ \PBzs \rightarrow \PJGy \phi $ Decays in $\pp$ Collisions at
                        $\sqrts = 7\TeV$}",
      collaboration  = "CMS",
      journal        = "Phys. Rev. D",
      volume         = "84",
      pages          = "052008",
      doi            = "10.1103/PhysRevD.84.052008",
      year           = "2011",
      eprint         = "1106.4048",
      archivePrefix  = "arXiv",
      primaryClass   = "hep-ex",
      reportNumber   = "CERN-PH-EP-2011-063, CMS-BPH-10-013",
      SLACcitation   = "%%CITATION = ARXIV:1106.4048;%%",
}

%%%%% CMS B 13 TeV
@comment{
      author         = "Khachatryan, Vardan and others",
}
@unpublished{Khachatryan:2016csy,
     author = "{CMS Collaboration}",
      title          = "{Measurement of the total and differential inclusive
                        $\mathrm{B}^{+}$ hadron cross sections in pp collisions at
                        $\sqrts = 13$\TeV}",
      year           = "2016",
      eprint         = "1609.00873",
      archivePrefix  = "arXiv",
      primaryClass   = "hep-ex",
      Note             = {Submitted to Phys. Lett. B},
      reportNumber   = "CMS-BPH-15-004, CERN-EP-2016-198",
      SLACcitation   = "%%CITATION = ARXIV:1609.00873;%%"
}

%%%%%% LHCb B 7 TeV
@Article{LHCb:2012JHEP,
     author    = "{LHCb Collaboration}",
     title     = "{Measurement of the $\PBpm$ production cross-section in $\pp$ collisions at $\sqrts = 7\TeV$}",
     journal   = "JHEP",
     volume    = "04",
     year      = "2012",
     pages     = "093",
     doi       = "10.1007/JHEP04(2012)093",
     eprint    = "1202.4812",
     archivePrefix = "arXiv",
     primaryClass = "hep-ex",
     reportNumber = "CERN-PH-EP-2012-047, LHCb-PAPER-2011-043"
}
@Article{LHCb:2013JHEP,
     author    = "R. Aaij and others",
     collaboration = "LHCb",
     title     = "{Measurement of $\PB$ meson production cross-sections in proton-proton collisions at $\sqrts = 7\TeV$}",
     journal   = "JHEP",
     volume    = "08",
     year      = "2013",
     pages     = "117",
     doi       = "10.1007/JHEP08(2013)117",
     eprint    = "1306.3663",
     archivePrefix = "arXiv",
     primaryClass = "hep-ex",
     reportNumber = "CERN-PH-EP-2013-095, LHCb-PAPER-2013-004"
}
@article{Aaij:2014hla,
      author         = "Aaij, Roel and others",
      title          = "{Measurement of the $\chi_\mathrm{b}(3P)$ mass and of the relative
                        rate of $\chi_{\mathrm{b1}}(1P)$ and $\chi_{\mathrm{b2}}(1P)$ production}",
      collaboration  = "LHCb",
      journal        = "JHEP",
      volume         = "10",
      year           = "2014",
      pages          = "88",
      doi            = "10.1007/JHEP10(2014)088",
      eprint         = "1409.1408",
      archivePrefix  = "arXiv",
      primaryClass   = "hep-ex",
      reportNumber   = "LHCB-PAPER-2014-040, CERN-PH-EP-2014-206,
                        LHCB-PAPER-2014-040-CERN_PH_EP_2014_206",
      SLACcitation   = "%%CITATION = ARXIV:1409.1408;%%"
}
@article{Aaij:2012dd,
      author         = "Aaij, R and others",
      title          = "{Measurements of $\mathrm{B}_{\mathrm{c}}^+$ production and mass with the
                        $\mathrm{B}_{\mathrm{c}}^+ \to \mathrm{J}/\psi \pi^+$ decay}",
      collaboration  = "LHCb",
      journal        = "Phys. Rev. Lett.",
      volume         = "109",
      year           = "2012",
      pages          = "232001",
      doi            = "10.1103/PhysRevLett.109.232001",
      eprint         = "1209.5634",
      archivePrefix  = "arXiv",
      primaryClass   = "hep-ex",
      reportNumber   = "LHCB-PAPER-2012-028, CERN-PH-EP-2012-275",
      SLACcitation   = "%%CITATION = ARXIV:1209.5634;%%"
}

%%%%%% LHCb B 8 TeV
@article{Aaij:2015fea,
      author         = "Aaij, R. and others",
      title          = "{Study of the production of $\Lambda_\mathrm{b}^0$ and
                        $\overline{\mathrm{B}}^0$ hadrons in pp collisions and first
                        measurement of the $\Lambda_\mathrm{b}^0\rightarrow \mathrm{J}/\psi pK^-$
                        branching fraction}",
      collaboration  = "LHCb",
      journal        = "Chin. Phys. C",
      volume         = "40",
      year           = "2016",
      pages          = "011001",
      doi            = "10.1088/1674-1137/40/1/011001",
      eprint         = "1509.00292",
      archivePrefix  = "arXiv",
      primaryClass   = "hep-ex",
      reportNumber   = "CERN-PH-EP-2015-223, LHCB-PAPER-2015-032",
      SLACcitation   = "%%CITATION = ARXIV:1509.00292;%%"
}
@article{Aaij:2014ija,
      author         = "Aaij, Roel and others",
      title          = "{Measurement of $\mathrm{B}_\mathrm{c}^+$ production in proton-proton
                        collisions at $\sqrt{s}=8$ TeV}",
      collaboration  = "LHCb",
      journal        = "Phys. Rev. Lett.",
      volume         = "114",
      year           = "2015",
      pages          = "132001",
      doi            = "10.1103/PhysRevLett.114.132001",
      eprint         = "1411.2943",
      archivePrefix  = "arXiv",
      primaryClass   = "hep-ex",
      reportNumber   = "CERN-PH-EP-2014-269, LHCB-PAPER-2014-050",
      SLACcitation   = "%%CITATION = ARXIV:1411.2943;%%"
}

%%%%%%%% Atlas B 7 TeV
@article{ATLAS:2013cia,
      author         = "Aad, Georges and others",
      title          = "{Measurement of the differential cross-section of $\PBp$
                        meson production in pp collisions at $\sqrts  = 7\TeV$ at
                        ATLAS}",
      collaboration  = "ATLAS",
      journal        = "JHEP",
      volume         = "10",
      pages          = "042",
      doi            = "10.1007/JHEP10(2013)042",
      year           = "2013",
      eprint         = "1307.0126",
      archivePrefix  = "arXiv",
      primaryClass   = "hep-ex",
      reportNumber   = "CERN-PH-EP-2013-089",
      SLACcitation   = "%%CITATION = ARXIV:1307.0126;%%",
}

@article{ALICEDmesonPbPb,
      author         = "Abelev, B. and others",
      title          = "{Suppression of high transverse momentum $\PD$ mesons in central $\PbPb$ collisions at $ \sqrtsNN = 2.76\TeV$}",
      collaboration  = "ALICE",
      journal        = "JHEP",
      volume         = "09",
      pages          = "112",
      doi            = "10.1007/JHEP09(2012)112",
      year           = "2012",
      eprint         = "1203.2160",
      archivePrefix  = "arXiv",
      primaryClass   = "nucl-ex",
      reportNumber   = "CERN-PH-EP-2012-069",
}

%%%%%%%% J/psi signal extraction related

@article{CMSNonPromptJpsi,
	author = "Chatrchyan, S. and others",
	collaboration = "CMS",
	title = "{Suppression of non-prompt $\PJGy$, prompt $\PJGy$, and $\PgUa$ in $\PbPb$ collisions at $ \sqrtsNN =2.76\TeV$}",
	journal = "JHEP",
	volume = "05",
	year = "2012",
	pages = "063",
	doi = "10.1007/JHEP05(2012)063",
	eprint = "1201.5069",
	archivePrefix = "arXiv",
	primaryClass = "nucl-ex",
        reportNumber   = "CMS-HIN-10-006, CERN-PH-EP-2011-170",
}

%%% Please check this is right one %%%
%UNPUBLISHED{ALICEDmesonpPb,
@article{ALICEDmesonpPb,
	author = "Luparello, G.",
	collaboration = "ALICE",
	journal = "Proceedings of Strangeness in Quark Matter 2013",
        title = "{Measurement of $\PD$-meson production in $\pPb$ collisions with the ALICE detector}",
        archivePrefix  = "arXiv",
        primaryClass   = "nucl-ex",
	eprint = "1310.1714",
	year = "2013",
}
%To be completed.

@article{bib_CMS,
	author = "Chatrchyan, S. and others",
	collaboration = "CMS",
	title = "The {CMS} experiment at the {CERN} {LHC}",
	journal = "JINST",
	volume = "3",
	year = "2008",
	pages = "S08004",
	doi = "10.1088/1748-0221/3/08/S08004",
}
%      author         = "Adolphi, R. and others",
%      title          = "{The CMS experiment at the CERN LHC}",
%     SLACcitation  = "%%CITATION = JINST,3,S08004;%%"

@TECHREPORT{CMSdetectorperformance,
	AUTHOR = "{CMS }",
	COLLABORATION = {CMS},
	TITLE = "{Measurement of Momentum Scale and Resolution of the CMS Detector using Low-mass Resonances and Cosmic Ray Muons}",
	URL = "http://cds.cern.ch/record/1279137",
	TYPE = "CMS Physics Analysis Summary",
	NUMBER = "CMS-PAS-TRK-10-004",
	YEAR = "2010",
}

@article{pdg:2016,
      author         = "{Particle Data Group} and Patrignani, C. and others",
      title          = "{Review of Particle Physics}",
      journal        = "Chin. Phys. C",
      volume         = "40",
      year           = "2016",
      number         = "10",
      pages          = "100001",
      doi            = "10.1088/1674-1137/40/10/100001",
      SLACcitation   = "%%CITATION = CHPHD,C40,100001;%%"
}

@article{Sjostrand:2014zea,
   author         = "Sj{\"o}strand, Torbj{\"o}rn and Ask, Stefan and Christiansen,
                          Jesper R. and Corke, Richard and Desai, Nishita and Ilten,
                        Philip and Mrenna, Stephen and Prestel, Stefan and
                        Rasmussen, Christine O. and Skands, Peter Z.",
      title          = "{An Introduction to PYTHIA 8.2}",
      journal      = "Comput. Phys. Commun.",
      volume         = "191",
      year           = "2015",
      pages          = "159",
      doi            = "10.1016/j.cpc.2015.01.024",
      eprint         = "1410.3012",
      archivePrefix  = "arXiv",
      primaryClass   = "hep-ph",
      reportNumber   = "LU-TP-14-36, MCNET-14-22, CERN-PH-TH-2014-190,
                        FERMILAB-PUB-14-316-CD, DESY-14-178, SLAC-PUB-16122",
      SLACcitation   = "%%CITATION = ARXIV:1410.3012;%%"
}

@inproceedings{Field:2010bc,
      author         = "Field, Rick",
      title          = "{Early LHC Underlying Event Data -- Findings and
                        Surprises}",
      booktitle      = "{Hadron collider physics. Proceedings, 22nd Conference,
                        HCP 2010, Toronto, Canada, August 23-27, 2010}",
      url            = "http://inspirehep.net/record/873443/files/arXiv:1010.3558.pdf",
      year           = "2010",
      eprint         = "1010.3558",
      archivePrefix  = "arXiv",
      primaryClass   = "hep-ph",
      SLACcitation   = "%%CITATION = ARXIV:1010.3558;%%"
}

@article{Khachatryan:2015pea,
      author         = "Khachatryan, Vardan and others",
      title          = "{Event generator tunes obtained from underlying event and
                        multiparton scattering measurements}",
      collaboration  = "CMS",
      journal        = "Eur. Phys. J. C",
      volume         = "76",
      year           = "2016",
      doi            = "10.1140/epjc/s10052-016-3988-x",
      eprint         = "1512.00815",
      archivePrefix  = "arXiv",
      primaryClass   = "hep-ex",
      reportNumber   = "CMS-GEN-14-001, CERN-PH-EP-2015-291",
      SLACcitation   = "%%CITATION = ARXIV:1512.00815;%%"
}

@article{evtgen,
	author = "Lange, D. J.",
        title = "{The EvtGen particle decay simulation package}",
	journal = "Nucl. Instrum. Meth. A",
	volume = "462",
	year = "2001",
	pages = "152",
	doi = "10.1016/S0168-9002(01)00089-4",
}
%      author         = "Lange, D.J.",
%      journal        = "Nucl.Instrum.Meth.",
%      volume         = "A462",
%      pages          = "152",
%      SLACcitation = "%%CITATION = NUIMA,A462,152;%%",

@article{hijing,
	author = "Wang, X.-N. and Gyulassy, M.",
    title = "{HIJING: A Monte Carlo model for multiple jet production in pp, pA, and AA collisions}",
	journal = "Phys. Rev. D",
	volume = "44",
	year = "1991",
	pages = "3501",
    doi = "10.1103/PhysRevD.44.3501",
}
%      author         = "Wang, Xin-Nian and Gyulassy, Miklos",
%      SLACcitation = "%%CITATION = PHRVA,D44,3501;%%",
%      reportNumber = "LBL-31036",

@article{geant4,
     author    = "Agostinelli, S. and others",
     collaboration = "GEANT4",
     title     = "{GEANT4} --- a simulation toolkit",
     journal   = "Nucl. Instrum. Meth. A",
     volume    = "506",
     year      = "2003",
     pages     = "250",
     doi       = "10.1016/S0168-9002(03)01368-8",
     SLACcitation  = "%%CITATION = NUIMA,A506,250;%%"
}


@article{Chatrchyan:2012xi,
      author         = "Chatrchyan, Serguei and others",
      title          = "{Performance of CMS muon reconstruction in pp collision
                        events at $\sqrt{s}=7$ TeV}",
      collaboration  = "CMS",
      journal        = "JINST",
      volume         = "7",
      year           = "2012",
      pages          = "P10002",
      doi            = "10.1088/1748-0221/7/10/P10002",
      eprint         = "1206.4071",
      archivePrefix  = "arXiv",
      primaryClass   = "physics.ins-det",
      reportNumber   = "CMS-MUO-10-004, CERN-PH-EP-2012-173",
      SLACcitation   = "%%CITATION = ARXIV:1206.4071;%%"
}


%@article{lumi} to be completed.
@TECHREPORT{LumiPAS,
      AUTHOR = "{CMS Collaboration}",
      COLLABORATION = "{CMS}",
      title         = "{Luminosity Calibration for the 2013 Proton-Lead and Proton-Proton Data Taking}",
      URL = "http://cds.cern.ch/record/1643269",
      TYPE = "CMS Physics Analysis Summary",
      number        = "CMS-PAS-LUM-13-002",
      year          = "2014",
}

%%%%%%%%%%%%%%%%%%%%%%%%%%%%%%%%%%%%%%%%%%%%%%%%%%%%%%%%%%%%%%%%%%%%%%%%%%%%%%%%%%%%%%%%%%%%%%%
%%%	Below one is not linked in present version,
%%%     if you want to use below link please check the information is correct or not.
%%%%%%%%%%%%%%%%%%%%%%%%%%%%%%%%%%%%%%%%%%%%%%%%%%%%%%%%%%%%%%%%%%%%%%%%%%%%%%%%%%%%%%%%%%%%%%%

@article{Chatrchyan:2014hqa,
      author         = "Chatrchyan, Serguei and others",
      title          = "{Studies of dijet transverse momentum balance and pseudorapidity distributions in $\pPb$ collisions at
                        $\sqrtsNN =5.02\TeV$}",
      collaboration  = "CMS",
      year           = "2014",
      journal 	     = "Eur. Phys. J. C",
      volume 	     = "74",
      pages 	     = "2951",
      doi 	     = "10.1140/epjc/s10052-014-2951-y",
      eprint 	     = "1401.4433",
      archivePrefix  = "arXiv",
      primaryClass   = "nucl-ex",
      reportNumber   = "CMS-HIN-13-001, CERN-PH-EP-2013-236",
      SLACcitation   = "%%CITATION = ARXIV:1401.4433;%%"
}

@article{Gavin:1990gm,
      author         = "Gavin, S. and Vogt, R.",
      title          = "{$\PJGy$ Suppression From Hadron - Nucleus to
                        Nucleus-nucleus Collisions}",
      journal        = "Nucl. Phys. B",
      volume         = "345",
      pages          = "104",
      doi            = "10.1016/0550-3213(90)90610-P",
      year           = "1990",
      reportNumber   = "LBL-27417",
      SLACcitation   = "%%CITATION = NUPHA,B345,104;%%",
}

@Article{PTDR2,
     author    = "{CMS Collaboration}",
     title     = "{CMS} physics technical design report, volume {II}: {Physics}
                  performance",
     journal   = "J. Phys. G",
     volume    = "34",
     year      = "2007",
     pages     = "995",
     doi       = "10.1088/0954-3899/34/6/S01",
     SLACcitation  = "%%CITATION = JPHGB,G34,995;%%"
}

@INPROCEEDINGS{RooStats,
  AUTHOR       = "Moneta, L. and Belasco, K. and  Cranmer, K. and Kreiss, S. and Lazzaro, A. and Piparo, D. and Schott, G. and Verkerke, W. and Wolf, M. ",
  TITLE        = "The {R}oo{S}tats {P}roject",
  BOOKTITLE = "13$^\text{th}$ International Workshop on Advanced Computing and Analysis Techniques in Physics Research",
  YEAR         = "2010",
  PUBLISHER = "SISSA",
  NOTE = "{PoS(ACAT2010)057}",
  URL          = "http://pos.sissa.it/archive/conferences/093/057/ACAT2010_057.pdf",
  eprint = "1009.1003",
  archivePrefix  = "arXiv",
  primaryClass = "physics.data-an"
}
%
% CMS/ATLAS papers submitted but not yet accepted; The SLACcitation is not required. This is only for illustration, these are now published.
% Upon acceptance the note is modified and the DOI included (if available).
%

@Article{Pumplin:2002vw,
     author    = "Pumplin, J. and Stump, D. R. and Huston, J. and Lai, H. L. and Nadolsky, P. and Tung, W. K.",
     title     = "{New generation of parton distributions with uncertainties from global QCD analysis}",
     journal   = "JHEP",
     volume    = "0207",
     year      = "2002",
     pages     = "012",
     eprint    = "hep-ph/0201195",
     archivePrefix  = "arXiv",
     primaryClass = "hep-ph",
     SLACcitation  = "%%CITATION = HEP-PH/0201195;%%"
}
@TechReport{Bargiotti:2007zz,
     author       = "{Bargiotti, M. and Vagnoni, V.}",
     title        = "{Heavy Quarkonia sector in PYTHIA 6.324: tuning,
                  validation and perspectives at LHCb}",
     type = "{LHCb Note}",
     number = "{LHCb-2007-042}",
     url      = "http://cdsweb.cern.ch/record/1042611/files/lhcb-2007-042.pdf",
     year         = "2007"
}

@Article{Barberio:1990ms,
      author         = "Barberio, E. and van Eijk, B. and Was, Z.",
      title          = "{Photos -- a universal Monte Carlo for QED
                  radiative corrections in decays}",
      journal        = "Comput. Phys. Commun.",
      volume         = "66",
      pages          = "115",
      doi            = "10.1016/0010-4655(91)90012-A",
      year           = "1991",
      reportNumber   = "CERN-TH-5857/90",
}

@Article{Barberio:1993qi,
      author         = "Barberio, E. and Was, Z.",
      title          = "{Photos - a universal Monte Carlo for QED
                  radiative corrections: version 2.0}",
      journal        = "Comput. Phys. Commun.",
      volume         = "79",
      pages          = "291",
      doi            = "10.1016/0010-4655(94)90074-4",
      year           = "1994",
}

@Article{Miller:2007ri,
      author         = "Miller, M. L. and Reygers, K. and
                  Sanders, S. J. and Steinberg, P.",
      title          = "{Glauber modeling in high-energy nuclear collisions}",
      journal        = "Ann. Rev. Nucl. Part. Sci.",
      volume         = "57",
      pages          = "205",
      doi            = "10.1146/annurev.nucl.57.090506.123020",
      year           = "2007",
      eprint         = "nucl-ex/0701025",
      archivePrefix  = "arXiv",
      primaryClass   = "nucl-ex",
}

@Article{Lokhtin:2005px,
     author    = "Lokhtin, I. P. and Snigirev, A. M.",
     title     = "{A model of jet quenching in ultrarelativistic heavy ion collisions and high-\pt hadron spectra at RHIC}",
     journal   = "Eur. Phys. J. C",
     volume    = "45",
     year      = "2006",
     pages     = "211",
     eprint    = "hep-ph/0506189",
     archivePrefix = "arXiv",
     primaryClass   = "hep-ph",
     doi       = "10.1140/epjc/s2005-02426-3",
     SLACcitation  = "%%CITATION = HEP-PH/0506189;%%"
}

@article{Roland:2006kz,
      author         = "{C.\,Roland (on behalf of the CMS Collaboration)}",
      title          = "{Track reconstruction in heavy ion collisions
                  with the CMS silicon tracker}",
      journal        = "Nucl. Instrum. Meth. A",
      volume         = "566",
      pages          = "123",
      doi            = "10.1016/j.nima.2006.05.023",
      year           = "2006",
}


%%%%%%%%%%%%%%%%%%%%%%%%%%%%%%%%%%%%%%%%%%%%%%%%%%%% added references
%%%%%%%% sequentilal suppression
@Article{Matsui:1986dk,
     author    = "Matsui, T. and Satz, H.",
     title     = "{$\PJGy$ suppression by quark-gluon plasma formation}",
     journal   = "Phys. Lett. B",
     volume    = "178",
     year      = "1986",
     pages     = "416",
     doi       = "10.1016/0370-2693(86)91404-8",
     SLACcitation  = "%%CITATION = PHLTA,B178,416;%%"
}

@article{Digal:2001ue,
      author         = "Digal, S. and Petreczky, P. and Satz, H.",
      title          = "{Quarkonium feed-down and sequential suppression}",
      journal        = "Phys. Rev. D",
      volume         = "64",
      pages          = "094015",
      doi            = "10.1103/PhysRevD.64.094015",
      year           = "2001",
      eprint         = "hep-ph/0106017",
      archivePrefix  = "arXiv",
      primaryClass   = "hep-ph",
      reportNumber   = "BI-TP 2001/09",
      SLACcitation   = "%%CITATION = HEP-PH/0106017;%%",
}

@article{Mocsy:2007jz,
      author         = "M{\'o}csy, {\'A}. and Petreczky, P.",
      title          = "{Color screening melts quarkonium}",
      journal        = "Phys. Rev. Lett.",
      volume         = "99",
      pages          = "211602",
      doi            = "10.1103/PhysRevLett.99.211602",
      year           = "2007",
      eprint         = "0706.2183",
      archivePrefix  = "arXiv",
      primaryClass   = "hep-ph",
      reportNumber   = "BNL-NT 07/26, RBRC-683",
}

@Article{Mocsy:2008eg,
     author    = "M{\'o}csy, {\'A}.",
     title     = "{Potential Models for Quarkonia}",
     journal   = "Eur. Phys. J. C",
     volume    = "61",
     year      = "2009",
     pages     = "705",
     eprint    = "0811.0337",
     archivePrefix = "arXiv",
     primaryClass  =  "hep-ph",
     doi       = "10.1140/epjc/s10052-008-0847-4",
     SLACcitation  = "%%CITATION = 0811.0337;%%"
}

%%%%%%%%%%%%%%%%%%%%%%%%%%%%%%
%%%%%%%%%%% CNM
@Article{Vogt:2010aa,
      author         = "Vogt, R.",
      title          = "{Cold Nuclear Matter Effects on $\PJGy$ and $\PgU$ Production at energies available at the CERN Large Hadron Collider (LHC)}",
      journal        = "Phys. Rev. C",
      volume         = "81",
      pages          = "044903",
      doi            = "10.1103/PhysRevC.81.044903",
      year           = "2010",
      eprint         = "1003.3497",
      archivePrefix  = "arXiv",
      primaryClass   = "hep-ph",
      reportNumber   = "LLNL-JRNL-414274"
}

@Article{Lourenco:2008sk,
     author    = "Lourenco, C. and Vogt, R. and Woehri, H. K.",
     title     = "{Energy dependence of $\PJGy$ absorption in proton-nucleus collisions}",
     journal   = "JHEP",
     volume    = "0902",
     year      = "2009",
     pages     = "014",
     eprint    = "0901.3054",
     archivePrefix = "arXiv",
     primaryClass  =  "hep-ph",
     doi       = "10.1088/1126-6708/2009/02/014",
     SLACcitation  = "%%CITATION = 0901.3054;%%"
}

%%%%%%%% regeneration
@article{Grandchamp:2005yw,
      author         = "Grandchamp, L. and Lumpkins, S. and Sun,
                  D. and van Hees, H. and Rapp, R.",
      title          = "{Bottomonium production at $\sqrtNN = 200\GeV$ and $\sqrtsNN = 5.5\TeV$}",
      journal        = "Phys. Rev. C",
      volume         = "73",
      pages          = "064906",
      doi            = "10.1103/PhysRevC.73.064906",
      year           = "2006",
      eprint         = "hep-ph/0507314",
      archivePrefix  = "arXiv",
      primaryClass   = "hep-ph",
      reportNumber   = "LBNL-58479"
}

@article{Andronic:2006ky,
      author         = "Andronic, A. and Braun-Munzinger, P. and Redlich, K. and Stachel, J.",
      title          = "{Statistical hadronization of heavy quarks in
                        ultra-relativistic nucleus--nucleus collisions}",
      journal        = "Nucl. Phys. A",
      volume         = "789",
      pages          = "334",
      doi            = "10.1016/j.nuclphysa.2007.02.013",
      year           = "2007",
      eprint         = "nucl-th/0611023",
      archivePrefix  = "arXiv",
      primaryClass   = "nucl-th",
}

%%%%%%%%% feed-down
@unpublished{Lhcb:2012se,
      author         = "Aaij, R. and others",
      title          = "{Measurement of the fraction of $\PgUa$ originating from
                        $\chi_b(\mathrm{1P})$ decays in $\pp$ collisions at $\sqrts = 7\TeV$}",
      collaboration  = "LHCb",
      journal	     = "JHEP",
      volume         = "11",
      year           = "2012",
      pages	     = "031",
      doi	     = "10.1007/JHEP11(2012)031",
      eprint         = "1209.0282",
      archivePrefix  = "arXiv",
      primaryClass   = "hep-ex",
      reportNumber   = "CERN-PH-EP-2012-237, LHCb-PAPER-2012-015",
      SLACcitation   = "%%CITATION = ARXIV:1209.0282;%%",
}

% absorbption
@article{Capella:2007jv,
      author         = "Capella, A. and Bravina, L. and Ferreiro, E. G. and
                        Kaidalov, A. B. and Tywoniuk, K. and Zabrodin, E.",
      title          = "{Charmonium dissociation and recombination at RHIC and
                        LHC}",
      journal        = "Eur. Phys. J. C",
      volume         = "58",
      pages          = "437",
      doi            = "10.1140/epjc/s10052-008-0772-6",
      year           = "2008",
      eprint         = "0712.4331",
      archivePrefix  = "arXiv",
      primaryClass   = "hep-ph",
}

@article{Lin:2000ke,
      author         = "Lin, Ziwei and Ko, C. M.",
      title          = "{$\PgU$ absorption in hadronic matter}",
      journal        = "Phys. Lett. B",
      volume         = "503",
      pages          = "104",
      doi            = "10.1016/S0370-2693(01)00092-2",
      year           = "2001",
      eprint         = "nucl-th/0007027",
      archivePrefix  = "arXiv",
      primaryClass   = "nucl-th",
      SLACcitation   = "%%CITATION = NUCL-TH/0007027;%%",
}

@Article{Baglin:1994ui,
     author    = "Baglin, C. and others",
 collaboration = "NA38",
     title     = "{$\psi'$ and $\PJGy$ production in p-W, p-U and S-U
                  interactions at $200\GeV$/nucleon}",
     journal   = "Phys. Lett. B",
     volume    = "345",
     year      = "1995",
     pages     = "617",
     doi       = "10.1016/0370-2693(94)01614-I",
     SLACcitation  = "%%CITATION = PHLTA,B345,617;%%"
}


%%%%%%%% J/psi signal extraction related

@article{Buskulic:1993vi,
      author         = "Buskulic, D. and others",
      title          = "{Measurement of the $\PABz$ and
                  $\PBm$ meson lifetimes}",
      collaboration  = "ALEPH",
      journal        = "Phys. Lett. B",
      volume         = "307",
      pages          = "194",
      doi            = "10.1016/0370-2693(93)90211-Y",
      year           = "1993",
}

@article{Buskulic:1993viErratum,
      author         = "Buskulic, D. and others",
      title          = "{Errata: Measurement of the $\PABz$
                  and $\PBm$ meson lifetimes}",
      collaboration  = "ALEPH",
      journal        = "Phys. Lett. B",
      volume         = "325",
      pages          = "537",
      doi            = "10.1016/0370-2693(94)90054-X",
      year           = "1994",
}


@article{Nason1988607,
	title = "The total cross section for the production of heavy quarks in hadronic collisions",
	journal = "Nucl. Phys. B",
	volume = "303",
	pages = "607",
	year = "1988",
	doi = "10.1016/0550-3213(88)90422-1",
	author = "P. Nason and S. Dawson and R. K. Ellis",
	reportNumber = "FERMILAB-PUB-87-222-T, BNL-40718"
}

%%%%%%% cristal-ball reference
@Article{SLAC-R-236,
     author    = "{M. J. Oreglia}",
     title     = "{A Study of the Reactions $\psi (\mathrm{2S}) \rightarrow \Pgg \Pgg \psi$}",
     journal   = "Ph.D. Thesis",
     year      = "1980",
     pages     = "Appendix D"
}

%%%%%% en loss:
@article{Arleo:2012rs,
      author         = "Arleo, F. and Peign{\'e}, S.",
      title          = "{Heavy-quarkonium suppression in p-A collisions from
                        parton energy loss in cold QCD matter}",
      journal        = "JHEP",
      volume         = "1303",
      pages          = "122",
      doi            = "10.1007/JHEP03(2013)122",
      year           = "2013",
      eprint         = "1212.0434",
      archivePrefix  = "arXiv",
      primaryClass   = "hep-ph",
      reportNumber   = "LAPTH-058/12",
      SLACcitation   = "%%CITATION = ARXIV:1212.0434;%%",
}

@article{Sharma:2012dy,
      author         = "Sharma, R. and Vitev, I.",
      title          = "{High transverse momentum quarkonium production and
                        dissociation in heavy ion collisions}",
      journal        = "Phys. Rev. C",
      volume         = "87",
      pages          = "044905",
      doi            = "10.1103/PhysRevC.87.044905",
      year           = "2013",
      eprint         = "1203.0329",
      archivePrefix  = "arXiv",
      primaryClass   = "hep-ph",
      SLACcitation   = "%%CITATION = ARXIV:1203.0329;%%",
}

%%% landau dumping
@article{Laine:2006ns,
      author         = "Laine, M. and Philipsen, O. and Romatschke, P. and
                        Tassler, M.",
      title          = "{Real-time static potential in hot QCD}",
      journal        = "JHEP",
      volume         = "0703",
      pages          = "054",
      doi            = "10.1088/1126-6708/2007/03/054",
      year           = "2007",
      eprint         = "hep-ph/0611300",
      archivePrefix  = "arXiv",
      primaryClass   = "hep-ph",
      reportNumber   = "BI-TP 2006/41, MS-TP-06-32, INT PUB 06-37",
      SLACcitation   = "%%CITATION = HEP-PH/0611300;%%",
}


%%%%% time scales
@article{Aamodt:2011mr,
      author         = "Aamodt, K. and others",
      title          = "{Two-pion Bose-Einstein correlations in central Pb-Pb
                        collisions at $\sqrtsNN  = 2.76 \TeV$}",
      collaboration  = "ALICE",
      journal        = "Phys. Lett. B",
      volume         = "696",
      pages          = "328",
      doi            = "10.1016/j.physletb.2010.12.053",
      year           = "2011",
      eprint         = "1012.4035",
      archivePrefix  = "arXiv",
      primaryClass   = "nucl-ex",
      reportNumber   = "CERN-PH-EP-ALICE-2010-006",
      SLACcitation   = "%%CITATION = ARXIV:1012.4035;%%",
}


%%%%% review JP
@article{Lansberg:2006dh,
      author         = "Lansberg, J. P.",
      title          = "{$\PJGy$, $\Pgy$  and $\PgU$ production at hadron
                        colliders: A Review}",
      journal        = "Int. J. Mod. Phys. A",
      volume         = "21",
      pages          = "3857",
      doi            = "10.1142/S0217751X06033180",
      year           = "2006",
      eprint         = "hep-ph/0602091",
      archivePrefix  = "arXiv",
      primaryClass   = "hep-ph",
      SLACcitation   = "%%CITATION = HEP-PH/0602091;%%",
}

%% alice jpsi multiplicity
@article{Abelev:2012rz,
      author         = "Abelev, B. and others",
      title          = "{$\PJGy$ Production as a Function of Charged Particle
                        Multiplicity in pp Collisions at $\sqrts = 7 \TeV$}",
      collaboration  = "ALICE",
      journal        = "Phys. Lett. B",
      volume         = "712",
      pages          = "165",
      doi            = "10.1016/j.physletb.2012.04.052",
      year           = "2012",
      eprint         = "1202.2816",
      archivePrefix  = "arXiv",
      primaryClass   = "hep-ex",
      SLACcitation   = "%%CITATION = ARXIV:1202.2816;%%",
}

%%% pile-up in \pPb, in the flow paper
@article{Chatrchyan:2013nka,
      author         = "Chatrchyan, Serguei and others",
      title          = "{Multiplicity and transverse-momentum dependence of two-
                        and four-particle correlations in $\pPb$ and $\PbPb$
                        collisions}",
      collaboration  = "CMS",
      journal	     = "Phys. Lett. B",
      volume	     = "724",
      pages	     = "213",
      year           = "2013",
      doi	     = "10.1016/j.physletb.2013.06.028",
      eprint         = "1305.0609",
      archivePrefix  = "arXiv",
      primaryClass   = "nucl-ex",
      reportNumber   = "CMS-HIN-13-002, CERN-PH-EP-2013-077",
      SLACcitation   = "%%CITATION = ARXIV:1305.0609;%%",
}
%%%%%%%%%%%%% newer reference for overview onia
@article{Brambilla:2010cs,
      author         = "Brambilla, N. and Eidelman, S. and Heltsley, B. K. and
                        Vogt, R. and Bodwin, G. T. and others",
      title          = "{Heavy quarkonium: progress, puzzles, and opportunities}",
      journal        = "Eur. Phys. J. C",
      volume         = "71",
      pages          = "1534",
      doi            = "10.1140/epjc/s10052-010-1534-9",
      year           = "2011",
      eprint         = "1010.5827",
      archivePrefix  = "arXiv",
      primaryClass   = "hep-ph",
      reportNumber   = "TUM-EFT 11/10, CLNS 10/2066, ANL-HEP-PR-10-44, Alberta Thy 11-10, CP3-10-37, FZJ-IKP-TH-2010-24, INT-PUB-10-059",
      SLACcitation   = "%%CITATION = ARXIV:1010.5827;%%",
}

@article{Cacciari:2001td,
      author         = "Cacciari, M. and Frixione, S. and Nason, P.",
      title          = "{The $\pt$ spectrum in heavy-flavor photoproduction}",
      journal        = "JHEP",
      volume         = "0103",
      pages          = "006",
      doi            = "10.1088/1126-6708/2001/03/006",
      year           = "2001",
      eprint         = "hep-ph/0102134",
      archivePrefix  = "arXiv",
      primaryClass   = "hep-ph",
      reportNumber   = "Bicocca-FT-01-01, GEF/TH-2-01, YITP-SB-01-01",
      SLACcitation   = "%%CITATION = HEP-PH/0102134;%%"
}

@article{Braaten:1991jj,
      author         = "Braaten, E. and Thoma, M. H.",
      title          = "{Energy loss of a heavy fermion in a hot QED plasma}",
      journal        = "Phys. Rev. D",
      volume         = "44",
      pages          = "1298",
      doi            = "10.1103/PhysRevD.44.1298",
      year           = "1991",
      reportNumber   = "LBL-30303, NUHEP-TH-91-2",
      SLACcitation   = "%%CITATION = PHRVA,D44,1298;%%",
}

@article{Dokshitzer:2001zm,
      author         = "Dokshitzer, Y. L. and Kharzeev, D. E.",
      title          = "{Heavy quark colorimetry of QCD matter}",
      journal        = "Phys. Lett. B",
      volume         = "519",
      pages          = "199",
      doi            = "10.1016/S0370-2693(01)01130-3",
      year           = "2001",
      eprint         = "hep-ph/0106202",
      archivePrefix  = "arXiv",
      primaryClass   = "hep-ph",
      reportNumber   = "LPT-Orsay-01/58, BNL-NT-01/9",
      SLACcitation   = "%%CITATION = HEP-PH/0106202;%%",
}

@article{Armesto:2003jh,
      author         = "Armesto, N. and Salgado, C. A. and Wiedemann, U. A.",
      title          = "{Medium-induced gluon radiation off massive quarks fills
                        the dead cone}",
      journal        = "Phys. Rev. D",
      volume         = "69",
      pages          = "114003",
      doi            = "10.1103/PhysRevD.69.114003",
      year           = "2004",
      eprint         = "hep-ph/0312106",
      archivePrefix  = "arXiv",
      primaryClass   = "hep-ph",
      reportNumber   = "CERN-TH/2003-301",
      SLACcitation   = "%%CITATION = HEP-PH/0312106;%%",
}

@article{Wicks:2007am,
      author         = "Wicks, S. and Horowitz, W. and Djordjevic,
                        M. and Gyulassy, M.",
      title          = "{Heavy quark jet quenching with collisional plus
                        radiative energy loss and path length fluctuations}",
      journal        = "Nucl. Phys. A",
      volume       = "783",
      pages         = "493",
      doi            = "10.1016/j.nuclphysa.2006.11.102",
      year           = "2007",
      eprint         = "nucl-th/0701063",
      archivePrefix  = "arXiv",
      primaryClass   = "nucl-th",
      SLACcitation   = "%%CITATION = NUCL-TH/0701063;%%",
}

@article{Zhang:2003wk,
      author         = "Zhang, Ben-Wei and Wang, Enke and Wang, Xin-Nian",
      title          = "{Heavy quark energy loss in nuclear medium}",
      journal        = "Phys. Rev. Lett.",
      volume         = "93",
      pages          = "072301",
      doi            = "10.1103/PhysRevLett.93.072301",
      year           = "2004",
      eprint         = "nucl-th/0309040",
      archivePrefix  = "arXiv",
      primaryClass   = "nucl-th",
      reportNumber   = "LBNL-53791",
      SLACcitation   = "%%CITATION = NUCL-TH/0309040;%%",
}

@article{Qin:2009gw,
      author         = "Qin, Guang-You and Majumder, Abhijit",
      title          = "{Perturbative QCD Description of Heavy and Light Flavor Jet
                        Quenching}",
      journal        = "Phys. Rev. Lett.",
      volume         = "105",
      pages          = "262301",
      doi            = "10.1103/PhysRevLett.105.262301",
      year           = "2010",
      eprint         = "0910.3016",
      archivePrefix  = "arXiv",
      primaryClass   = "hep-ph",
      SLACcitation   = "%%CITATION = ARXIV:0910.3016;%%",
}

@article{Chatrchyan:2012gt,
      author         = "Chatrchyan, Serguei and others",
      title          = "{Studies of jet quenching using isolated-photon+jet
                        correlations in $\PbPb$ and $\pp$ collisions at
                        $\sqrt{s_{NN}}=2.76$ TeV}",
      collaboration  = "CMS",
      journal        = "Phys. Lett. B",
      volume         = "718",
      pages          = "773",
      doi            = "10.1016/j.physletb.2012.11.003",
      year           = "2013",
      eprint         = "1205.0206",
      archivePrefix  = "arXiv",
      primaryClass   = "nucl-ex",
      reportNumber   = "CMS-HIN-11-010, CERN-PH-EP-2012-089",
      SLACcitation   = "%%CITATION = ARXIV:1205.0206;%%",
}

@article{Aad:2010bu,
      author         = "Aad, Georges and others",
      title          = "Observation of a Centrality-Dependent Dijet Asymmetry in
                        Lead-Lead Collisions at {$\sqrtsNN =2.76 \TeV$} with the
                        {ATLAS} Detector at the {LHC}",
      collaboration  = "ATLAS",
      journal        = "Phys. Rev. Lett.",
      volume         = "105",
      pages          = "252303",
      doi            = "10.1103/PhysRevLett.105.252303",
      year           = "2010",
      eprint         = "1011.6182",
      archivePrefix  = "arXiv",
      primaryClass   = "hep-ex",
      SLACcitation   = "%%CITATION = ARXIV:1011.6182;%%",
}

@article{Chatrchyan:2011sx,
      author         = "Chatrchyan, Serguei and others",
      title          = "{Observation and studies of jet quenching in PbPb collisions at $\sqrtsNN =2.76 \TeV$}",
      collaboration  = "CMS",
      journal        = "Phys. Rev. C",
      volume         = "84",
      pages          = "024906",
      doi            = "10.1103/PhysRevC.84.024906",
      year           = "2011",
      eprint         = "1102.1957",
      archivePrefix  = "arXiv",
      primaryClass   = "nucl-ex",
      reportNumber   = "CERN-PH-EP-2011-001, CMS-HIN-10-004",
      SLACcitation   = "%%CITATION = ARXIV:1102.1957;%%",
}

@article{CMS:2012aa,
      author         = "Chatrchyan, Serguei and others",
      title          = "{Study of high-$\pt$ charged particle suppression in $\PbPb$
                        compared to $\pp$ collisions at $\sqrtsNN =2.76 \TeV$}",
      collaboration  = "CMS",
      journal        = "Eur. Phys. J. C",
      volume         = "72",
      pages          = "1945",
      doi            = "10.1140/epjc/s10052-012-1945-x",
      year           = "2012",
      eprint         = "1202.2554",
      archivePrefix  = "arXiv",
      primaryClass   = "nucl-ex",
      reportNumber   = "CMS-HIN-10-005, CERN-PH-EP-2012-043",
      SLACcitation   = "%%CITATION = ARXIV:1202.2554;%%",
}

@article{PHENIX:prl109,
      author         = "Adare, A. and others",
      title          = "{Cold-Nuclear-Matter Effects on Heavy-Quark Production in d+Au Collisions at $\sqrtsNN = 200 \GeV$}",
      collaboration  = "PHENIX",
      journal        = "Phys. Rev. Lett.",
      volume         = "109",
      pages          = "242301",
      doi            = "10.1103/PhysRevLett.109.242301",
      year           = "2012",
       eprint         = "1208.1293",
     archivePrefix  = "arXiv",
     primaryClass   = "nucl-ex"
}

@article{STAR:prl94,
      author         = "Adams, J. and others",
      title          = "{Open Charm Yields in d+Au Collisions at $\sqrtsNN = 200 \GeV$}",
      collaboration  = "STAR",
      journal        = "Phys. Rev. Lett.",
      volume         = "94",
      pages          = "062301",
      doi            = "10.1103/PhysRevLett.94.062301",
      year           = "2005",
      eprint         = "nucl-ex/0407006",
      archivePrefix  = "arXiv",
      primaryClass   = "nucl-ex"
}

@article{PHENIX:ax1310,
      author         = "Adare, A. and others",
      title          = "{Cold-Nuclear-Matter Effects on Heavy-Quark Production at
                        Forward and Backward Rapidity in d+Au Collisions at
                        $\sqrtsNN = 200 \GeV$}",
      collaboration  = "PHENIX",
      journal        = "Phys. Rev. Lett.",
      volume         = "112",
      pages          = "252301",
      doi            = "10.1103/PhysRevLett.112.252301",
      year           = "2014",
      eprint         = "1310.1005",
      archivePrefix  = "arXiv",
      primaryClass   = "nucl-ex",
      SLACcitation   = "%%CITATION = ARXIV:1310.1005;%%",
}

@article{PHENIX:2006nm,
      author         = "Adler, S. S. and others",
      title          = "{Nuclear Modification of Electron Spectra and Implications for Heavy Quark Energy Loss in Au + Au Collisions at $\sqrtsNN = 200 \GeV$}",
      collaboration  = "PHENIX",
      journal        = "Phys. Rev. Lett.",
      volume         = "96",
      pages          = "032301",
      doi            = "10.1103/PhysRevLett.96.032301",
      year           = "2006",
      eprint         = "nucl-ex/0510047",
      archivePrefix  = "arXiv",
      primaryClass   = "nucl-ex"
}

@article{PHENIX:2011hq,
      author         = "Adare, A. and others",
      title          = "{Heavy-quark production in p+p and energy loss and flow of heavy quarks in Au+Au Collisions at $\sqrtsNN = 200\GeV$}",
      collaboration  = "PHENIX",
      journal  	     = "Phys. Rev. C",
      volume         = "84",
      pages	     = "044905",
      doi	     = "10.1103/PhysRevC.84.044905",
      year           = "2011"
}

@article{STAR:2011tm,
      author         = "Abelev, B. I. and others",
      title          = "{Transverse momentum and centraility dependence of high-$\pt$ non-photonic electron suppression in Au + Au Collisions at $\sqrtsNN = 200 \GeV$; Erratum Phys. Rev. Lett. 106, 159902 (2011)}",
      collaboration  = "STAR",
      journal  	     = "Phys. Rev. Lett.",
      volume         = "98",
      pages	     = "192301",
      doi	     = "10.1103/PhysRevLett.98.192301,10.1103/PhysRevLett.106.159902",
      year           = "2007",
      eprint         = "nucl-ex/0607012",
      archivePrefix  = "arXiv",
      primaryClass   = "nucl-ex"
}

@article{STAR:2014od,
      author         = "Adamczyk, L. and others",
      title          = "{Observation of $PDz$ Meson Nuclear Modifications in Au+Au Collisions at $\sqrtsNN = 200 \GeV$}",
      collaboration  = "STAR",
      journal  	     = "Phys. Rev. Lett.",
      volume         = "113",
      pages	     = "142301",
      doi	     = "10.1103/PhysRevLett.113.142301",
      year           = "2014"
}

@article{Gribov:1983shp,
	author = "Gribov, L. V. and Levin, E. M. and Ryskin, M. G.",
	title = "{Semihard process in QCD}",
	journal = "Phys. Rep.",
	volume = "100",
	pages = "1",
	year = "1983"	
}

@article{McLerran:1994cq,
	author = "McLerran, L. and Venugopalan, R.",
	title = "Computing quark and gluon distribution functions for very large nuclei",
	journal = "Phys. Rev. D",
	volume = "49",
	pages = "2233",
	year = "1994",
	doi = "10.1103/PhysRevD.49.2233"
}

@article{Baier:1997re,
	author = "Baier, R. and Dokshitzer, Yu. L. and Mueller, A. H. and Peign'{e}, S. and Schiff, D.",
	title = "Radiative energy loss of high energy quarks and gluons in a finite-volume quark-gluon plasma",
	journal = "Nucl. Phys. B",
	volume = "483",
	pages = "291",
	year = "1997",
}

@article{ATLAS:2015cps,
      author         = "Aad, Georges and others",
      title          = "{Measurement of the charged-particle spectra in Pb+Pb collisions at $\sqrtsNN = 2.76 \TeV$ with the ATLAS detector at the LHC}",
      collaboration  = "ATLAS",
      journal        = "submitted to JHEP",
      volume         = "",
      pages          = "",
      year           = "2015",
      eprint         = "1504.04337",
      archivePrefix  = "arXiv",
      primaryClass   = "hep-ex",
      reportNumber   = "CERN-PH-EP-2015-032",
}

@article{ALICE:2013cdc,
      author         = "Abelev, B. and others",
      title = "{Centrality dependence of charged particle production at large transverse momentum in $\PbPb$ collisions at $\sqrtsNN = 2.76\TeV$}",
      collaboration  = "ALICE",
      journal        = "Phys. Lett. B",
      volume         = "720",
      pages          = "52",
      year           = "2013",
      eprint         = "1208.2711",
      archivePrefix  = "arXiv",
      primaryClass   = "hep-ex",
      reportNumber   = "CERN-PH-EP-2012-233",
}

@article{Adam:2015ewa,
      author         = "Adam, Jaroslav and others",
      title          = "{Measurement of jet suppression in central Pb-Pb
                        collisions at $\sqrtsNN = 2.76\TeV$}",
      collaboration  = "ALICE",
      journal        = "Phys. Lett. B",
      volume         = "746",
      pages          = "1",
      doi            = "10.1016/j.physletb.2015.04.039",
      year           = "2015",
      eprint         = "1502.01689",
      archivePrefix  = "arXiv",
      primaryClass   = "nucl-ex",
      reportNumber   = "CERN-PH-EP-2015-023",
      SLACcitation   = "%%CITATION = ARXIV:1502.01689;%%",
}

@InProceedings{TMVA,
author  =       "Helge Voss and Andreas H{\"o}cker and J{\"o}rg Stelzer and Frerik Tegenfeldt",
booktitle = "XIth International Workshop on Advanced Computing and Analysis Techniques in Physics Research (ACAT)",
title    =      "{TMVA}, the Toolkit for Multivariate Data Analysis with {ROOT}",
year     =      "2007",
pages    =      "40",
url      =      "http://pos.sissa.it/archive/conferences/050/040/ACAT_040.pdf",
eprint   =      "physics/0703039",
archivePrefix    =      "arXiv",
SLACcitation     =      "%%CITATION = PHYSICS/0703039;%%"
}

@InProceedings{Hocker:2007ht,
author  =       "Helge Voss and Andreas H{\"o}cker and J{\"o}rg Stelzer and Frerik Tegenfeldt",
booktitle = "XIth International Workshop on Advanced Computing and Analysis Techniques in Physics Research (ACAT)",
title    =      "{TMVA}, the Toolkit for Multivariate Data Analysis with {ROOT}",
year     =      "2007",
pages    =      "40",
url      =      "http://pos.sissa.it/archive/conferences/050/040/ACAT_040.pdf",
eprint   =      "physics/0703039",
archivePrefix    =      "arXiv",
SLACcitation     =      "%%CITATION = PHYSICS/0703039;%%"
}

%% energy loss for heavy flavor
@article{Adil:2006ra,
      author         = "Adil, Azfar and Vitev, Ivan",
      title          = "{Collisional dissociation of heavy mesons in dense QCD
                        matter}",
      journal        = "Phys. Lett. B",
      volume         = "649",
      pages          = "139",
      doi            = "10.1016/j.physletb.2007.03.050",
      year           = "2007",
      eprint         = "hep-ph/0611109",
      archivePrefix  = "arXiv",
      primaryClass   = "hep-ph",
      SLACcitation   = "%%CITATION = HEP-PH/0611109;%%",
}

%% alice D measurement
@unpublished{Adam:2015nna,
      author      = "Adam, Jaroslav and others",
      title          = "{Centrality dependence of high-$\pt$ $\PD$ meson
                        suppression in $\PbPb$ collisions at $\sqrtsNN =
                        2.76\TeV$}",
      collaboration  = "ALICE",
      note       = "submitted to JHEP",	
      year           = "2015",
      eprint         = "1506.06604",
      archivePrefix  = "arXiv",
      primaryClass   = "nucl-ex",
      reportNumber   = "CERN-PH-EP-2015-151",
      SLACcitation   = "%%CITATION = ARXIV:1506.06604;%%"
}

%%%%%%%%%%%%%%%%%%%% T&P reference
@article{Khachatryan:2010xn,
      author         = "Khachatryan, Vardan and others",
      title          = "Measurements of inclusive {W} and {Z} cross sections in
                        pp collisions at {$\sqrts =7 \TeV$}",
      collaboration  = "CMS",
      journal        = "JHEP",
      volume         = "01",
      pages          = "080",
      doi            = "10.1007/JHEP01(2011)080",
      year           = "2011",
      eprint         = "1012.2466",
      archivePrefix  = "arXiv",
      primaryClass   = "hep-ex",
      reportNumber   = "CERN-PH-EP-2010-050, CMS-EWK-10-002",
      SLACcitation   = "%%CITATION = ARXIV:1012.2466;%%",
}
%%%%%%%%%%%%%%%% new trcking reference
@article{Chatrchyan:2014fea,
      author         = "Chatrchyan, Serguei and others",
      title          = "{Description and performance of track and primary-vertex
                        reconstruction with the CMS tracker}",
      collaboration  = "CMS",
      journal        = "JINST",
      volume         = "9",
      pages          = "P10009",
      doi            = "10.1088/1748-0221/9/10/P10009",
      year           = "2014",
      eprint         = "1405.6569",
      archivePrefix  = "arXiv",
      primaryClass   = "physics.ins-det",
      reportNumber   = "CMS-TRK-11-001, CERN-PH-EP-2014-070",
      SLACcitation   = "%%CITATION = ARXIV:1405.6569;%%",
}
@article{TRK-11-001,
      author         = "Chatrchyan, Serguei and others",
      title          = "{Description and performance of track and
                        primary-vertex reconstruction with the CMS
                        tracker}",
      collaboration  = "CMS",
      journal           = "JINST",
      volume          = "9",
      pages           = "P10009",
      doi            = "10.1088/1748-0221/9/10/P10009",
      year           = "2014",
      eprint         = "1405.6569",
      archivePrefix  = "arXiv",
      primaryClass   = "physics.ins-det",
      reportNumber   = "CMS-TRK-11-001, CERN-PH-EP-2014-070",
      SLACcitation   = "%%CITATION = ARXIV:1405.6569;%%",
}
%%%%%%%%%%%%%%%%%%% D i pPb for alice
@article{Abelev:2014hha,
      author         = "Abelev, Betty Bezverkhny and others",
      title          = "{Measurement of prompt D-meson production in pPb
                        collisions at $\sqrtsNN = 5.02\TeV$}",
      collaboration  = "ALICE",
      journal        = "Phys. Rev. Lett.",
      volume         = "113",
      pages          = "232301",
      doi            = "10.1103/PhysRevLett.113.232301",
      year           = "2014",
      eprint         = "1405.3452",
      archivePrefix  = "arXiv",
      primaryClass   = "nucl-ex",
      reportNumber   = "CERN-PH-EP-2014-090, CERN-PH-EP-2014-90",
      SLACcitation   = "%%CITATION = ARXIV:1405.3452;%%",
}

%%%%%%%%%%%%%%%%%%%%%%%% Phenix bbar x-sectin in dAu
@article{Adare:2014iwg,
      author         = "Adare, A. and others",
      title          = "{Cross section for $\cPqb\cPaqb$ production via dielectrons
                        in d$+$Au collisions at $\sqrtsNN =200 GeV$}",
      collaboration  = "PHENIX",
      journal        = "Phys. Rev. C",
      volume         = "91",
      year           = "2015",
      pages          = "014907",
      doi            = "10.1103/PhysRevC.91.014907",
      eprint         = "1405.4004",
      archivePrefix  = "arXiv",
      primaryClass   = "nucl-ex",
      SLACcitation   = "%%CITATION = ARXIV:1405.4004;%%"
}
%%%%%%%%%%%%%%%%%%%%%%%%%%%% A scaling for NN binary scaling
@book{Vogt:2007zz,
      author         = "Vogt, Ramona",
      title          = "{Ultrarelativistic heavy-ion collisions}",
      publisher      = "Elsevier",
      address        = "Amsterdam",
      year           = "2007",
      ISBN           = "978-0-444-52196-5",
      SLACcitation   = "%%CITATION = INSPIRE-767840;%%"
}
%%%%%%%%%%%%%%%%%%%%% funny acceptance cuts
@article{Khachatryan:2010yr,
      author         = "Khachatryan, Vardan and others",
      title          = "{Prompt and non-prompt $\PJGy$ production in $\pp$ collisions at $\sqrts =7 \TeV$}",
      collaboration  = "CMS",
      journal        = "Eur. Phys. J. C",
      volume         = "71",
      year           = "2011",
      pages          = "1575",
      doi            = "10.1140/epjc/s10052-011-1575-8",
      eprint         = "1011.4193",
      archivePrefix  = "arXiv",
      primaryClass   = "hep-ex",
      reportNumber   = "CERN-PH-EP-2010-046, CMS-BPH-10-002",
      SLACcitation   = "%%CITATION = ARXIV:1011.4193;%%"
}

%%% contains utf-8, see: https://inspirehep.net/info/faq/general#utf8
%%% add \usepackage[utf8]{inputenc} to your latex preamble

@article{Khachatryan:2015uja,
      author         = "Khachatryan, Vardan and others",
      title          = "{Study of B meson production in p$+$Pb collisions at $\sqrtsNN = 5.02$\TeV using exclusive hadronic decays}",
      collaboration  = "CMS",
      journal        = "Phys. Rev. Lett.",
      volume         = "116",
      year           = "2016",
      pages          = "032301",
      doi            = "10.1103/PhysRevLett.116.032301",
      eprint         = "1508.06678",
      archivePrefix  = "arXiv",
      primaryClass   = "nucl-ex",
      reportNumber   = "CMS-HIN-14-004, CERN-PH-EP-2015-209",
      SLACcitation   = "%%CITATION = ARXIV:1508.06678;%%"
}

@article{ALICE:2012ab,
      author         = "Abelev, Betty and others",
      title          = "{Suppression of high transverse momentum D mesons in
                        central Pb-Pb collisions at $\sqrtsNN = 2.76$\TeV}",
      collaboration  = "ALICE",
      journal        = "JHEP",
      volume         = "09",
      year           = "2012",
      pages          = "112",
      doi            = "10.1007/JHEP09(2012)112",
      eprint         = "1203.2160",
      archivePrefix  = "arXiv",
      primaryClass   = "nucl-ex",
      reportNumber   = "CERN-PH-EP-2012-069",
      SLACcitation   = "%%CITATION = ARXIV:1203.2160;%%"
}

@article{Djordjevic:2016vfo,
      author         = "Djordjevic, Magdalena and Blagojevic, Bojana and
                        Zivkovic, Lidija",
      title          = "{Mass tomography at different momentum ranges in
                        quark-gluon plasma}",
      journal        = "Phys. Rev. C",
      volume         = "94",
      year           = "2016",
      pages          = "044908",
      doi            = "10.1103/PhysRevC.94.044908",
      eprint         = "1601.07852",
      archivePrefix  = "arXiv",
      primaryClass   = "nucl-th",
      SLACcitation   = "%%CITATION = ARXIV:1601.07852;%%"
}

@article{He:2012df,
      author         = "He, Min and Fries, Rainer J. and Rapp, Ralf",
      title          = "{$\mathbf{D_s}$}-Meson as Quantitative Probe of Diffusion
                        and Hadronization in Nuclear Collisions",
      journal        = "Phys. Rev. Lett.",
      volume         = "110",
      year           = "2013",
      pages          = "112301",
      doi            = "10.1103/PhysRevLett.110.112301",
      eprint         = "1204.4442",
      archivePrefix  = "arXiv",
      primaryClass   = "nucl-th",
      SLACcitation   = "%%CITATION = ARXIV:1204.4442;%%"
}

@article{He:2011qa,
      author         = "He, Min and Fries, Rainer J. and Rapp, Ralf",
      title          = "Heavy-quark diffusion and hadronization in quark-gluon
                        plasma",
      journal        = "Phys. Rev. C",
      volume         = "86",
      year           = "2012",
      pages          = "014903",
      doi            = "10.1103/PhysRevC.86.014903",
      eprint         = "1106.6006",
      archivePrefix  = "arXiv",
      primaryClass   = "nucl-th",
      SLACcitation   = "%%CITATION = ARXIV:1106.6006;%%"
}

@article{He:2014cla,
      author         = "He, Min and Fries, Rainer J. and Rapp, Ralf",
      title          = "{Heavy Flavor at the Large Hadron Collider in a Strong
                        Coupling Approach}",
      journal        = "Phys. Lett. B",
      volume        = "735",
      year             = "2014",
     pages          = "445",
      doi               = "10.1016/j.physletb.2014.05.050",
      eprint           = "1401.3817",
      archivePrefix  = "arXiv",
      primaryClass   = "nucl-th",
      SLACcitation   = "%%CITATION = ARXIV:1401.3817;%%"
}

@article{Xu:2015bbz,
      author         = "Xu, Jiechen and Liao, Jinfeng and Gyulassy, Miklos",
      title          = "{Bridging Soft-Hard Transport Properties of Quark-Gluon
                        Plasmas with CUJET3.0}",
      journal        = "JHEP",
      volume         = "02",
      year           = "2016",
      pages          = "169",
      doi            = "10.1007/JHEP02(2016)169",
      eprint         = "1508.00552",
      archivePrefix  = "arXiv",
      primaryClass   = "hep-ph",
      SLACcitation   = "%%CITATION = ARXIV:1508.00552;%%"
}


@article{Xu:2014tda,
  	author     	= "Xu, Jiechen and Liao, Jinfeng and Gyulassy, Miklos",
  	title      	= "{Consistency of Perfect Fluidity and Jet Quenching in
                    	semi-Quark-Gluon Monopole Plasmas}",
  	journal    	= "Chin. Phys. Lett.",
  	volume     	= "32",
  	year       	= "2015",
  	pages      	= "092501",
  	doi        	= "10.1088/0256-307X/32/9/092501",
  	eprint     	= "1411.3673",
  	archivePrefix  = "arXiv",
  	primaryClass   = "hep-ph",
  	SLACcitation   = "%%CITATION = ARXIV:1411.3673;%%"
}


@article{Xu:2014ica,
      author         = "Xu, Jiechen and Buzzatti, Alessandro and Gyulassy,
                        Miklos",
      title          = "{Azimuthal jet flavor tomography with CUJET2.0 of nuclear
                        collisions at RHIC and LHC}",
      journal        = "JHEP",
      volume         = "08",
      year           = "2014",
      pages          = "063",
      doi            = "10.1007/JHEP08(2014)063",
      eprint         = "1402.2956",
      archivePrefix  = "arXiv",
      primaryClass   = "hep-ph",
      SLACcitation   = "%%CITATION = ARXIV:1402.2956;%%"
}

%%%%%%%%%%%%%%%%%%%%%
@article{Khachatryan:2016odn,
      author         = "Khachatryan, Vardan and others",
      title          = "{Charged-particle nuclear modification factors in PbPb
                        and pPb collisions at $\sqrtsNN = 5.02$\TeV}",
      collaboration  = "CMS",
      journal        = "JHEP",
      volume         = "04",
      year           = "2017",
      pages          = "039",
      doi            = "10.1007/JHEP04(2017)039",
      eprint         = "1611.01664",
      archivePrefix  = "arXiv",
      primaryClass   = "nucl-ex",
      reportNumber   = "CMS-HIN-15-015, CERN-EP-2016-242",
      SLACcitation   = "%%CITATION = ARXIV:1611.01664;%%"
}


@techreport{CMS-PAS-LUM-16-001,
     collaboration = {CMS},
     title         = "{CMS luminosity calibration for the \pp reference run at
                      $\sqrt{s}=5.02\TeV$}",
     TYPE          = "CMS Physics Analysis Summary",
     number        = "CMS-PAS-LUM-16-001",
     year          = "2016",
     url           = "https://cds.cern.ch/record/2235781",
}
%%%%%%%%%%%%%%%%%%
@article{Horowitz:2015dta,
      author         = "Horowitz, W. A.",
      title          = "{Fluctuating heavy quark energy loss in a strongly
                        coupled quark-gluon plasma}",
      journal        = "Phys. Rev. D",
      volume         = "91",
      year           = "2015",
      pages          = "085019",
      doi            = "10.1103/PhysRevD.91.085019",
      eprint         = "1501.04693",
      archivePrefix  = "arXiv",
      primaryClass   = "hep-ph",
      SLACcitation   = "%%CITATION = ARXIV:1501.04693;%%"
}

@inproceedings{AdscftHH,
      key            = "1518153",
      author         = "Hambrock, R. and Horowitz, W. A.",
      title          = "{AdS/CFT predictions for azimuthal and momentum
                        correlations of $\mathrm{b}\bar{\mathrm{b}}$ pairs in heavy ion collisions}",
      url            = "https://inspirehep.net/record/1518153/files/arXiv:1703.05845.pdf",
      year           = "2017",
      eprint         = "1703.05845",
      archivePrefix  = "arXiv",
      primaryClass   = "hep-ph",
      SLACcitation   = "%%CITATION = ARXIV:1703.05845;%%"
}

%%%%%%%%%%%%%%%% angular correlations
@article{Rohrmoser:2016yct,
      author         = "Rohrmoser, Martin and Gossiaux, Pol Bernard and Gousset,
                        Thierry and Aichelin, J{\"{o}}rg",
      title          = "{Constraining in-medium heavy-quark energy-loss
                        mechanisms via angular correlations between heavy and
                        light mesons}",
      booktitle      = "{Proceedings, 16th International Conference on
                        Strangeness in Quark Matter (SQM 2016): Berkeley,
                        California, United States}",
      journal        = "J. Phys. Conf. Ser.",
      volume         = "779",
      year           = "2017",
      number         = "1",
      pages          = "012032",
      doi            = "10.1088/1742-6596/779/1/012032",
      eprint         = "1611.01854",
      archivePrefix  = "arXiv",
      primaryClass   = "hep-ph",
      SLACcitation   = "%%CITATION = ARXIV:1611.01854;%%"
}

@inproceedings{Cao:2014dja,
      author         = "Cao, Shanshan and Qin, Guang-You and Bass, Steffen A.",
      title          = "Heavy flavor dynamics in {QGP} and hadron gas",
      booktitle      = "{XXIV} International Conference on
                        Ultrarelativistic Nucleus-Nucleus Collisions",
      note        = "Nucl. Phys. A 931 (2014) 931",
      volume         = "931",
      year           = "2014",
      pages          = "569",
      doi            = "10.1016/j.nuclphysa.2014.09.011",
      eprint         = "1408.0503",
      archivePrefix  = "arXiv",
      primaryClass   = "nucl-th",
      SLACcitation   = "%%CITATION = ARXIV:1408.0503;%%"
}
